@book{May2012,
 author = {May, Michael and Williams, Geoff},
 title = {{The Facility Manager's Guide to Information Technology}},
 year = {2012},
 isbn = {188317693X},
 address = {{Great Britain}},
} 

@book{Parmenter2007,
 author = {Parmenter, David},
 title = {{Key performance indicators : developing, implementing, and using winning KPIs}},
 year = {2007},
 isbn = {978-0-470-09588-1},
 address = {{United States of America}},
} 

@article{Costa2004,  
author = {Costa, Dayana B. and Lima, Helenize R. and Formoso, Carlos T.},
title = {{Performance Measurement Systems for Benchmarking in the Brazilian Construction Industry}},
journal={{International Symposium on Globalisation and Construction AIT Conference Centre, Bangkok, Thailand}},
isbn={974-8208-56-7},
pages={1029-1039},
year = {2004}
}

@article{Eynde1997,  
author = {Eynde, Donald F. Van and Tucker, Stephen L.},
title = {{A Quality Human Resource Curriculum: Recommendations from Leading Senior HR Executives}},
journal={{Human Resource Management}},
volume={36}
pages={397-408},
year = {1997}
}

@article{Costa2005,  
author = {Costa, Dayana Bastos and Lima, Helenize R. and Barth, Karina B. and Formoso, Carlos T.},
title = {{Desenvolvimento de um Sistema de Indicadores para Benchmarking na Construção Civil: Utilizando uma Abordagem de Aprendizagem}},
journal={{Porto Alegre Brasil}},
year = {2005}
}

@book{Teicholz2001,
 author = {Teicholz, Eric},
 title = {{Facility Design and Management Handbook}},
 year = {2001},
 isbn = {0071353941},
 publisher = {{McGraw-Hill Professional}}
} 

@article{Ho2000,	
author = {Ho, Daniel C.W. and Chan, Edwin H.W. and Wong, Nicole Y. and Chan, Man-wai},
title = {{Significant Metrics for Facilities Management Benchmarking in the Asia Pacific Region}},
journal = {{MCB University Press}},
issn={0263-2772},
Volume={18},
pages={545-555},
year = {2000}
}

@article{Mass1998,	
author = {Massheder, Keith and Finch, Edward},
title = {{Benchmarking Metrics Used in UK Facilities Management}},
journal = {{MCB University Press}},
issn = {0263-2772},
Volume={16},
pages={123-127},
year = {1998}
}

@article{Gilleard2004,	
author = {Gilleard, John D.and Yat-lung, Philip Wong},
title = {{Benchmarking Facility Management: Applying Analytic Hierarchy Process}},
journal={{Facilities}},
issn={0263-2772},
volume={2},
year = {2004}
}
b@article{Slater1997,  
author = {Slater, Stanley F. and Olson, Eric M. and Reddy, Venkateshwar K.},
title = {{Strategy-Based Performance Measurement}},
journal={{Business Horizons}},
volume={40},
pages={37-44},
year = {1997}
}

@article{Wang1992,  
author = {Wang, Q.},
title = {{Activity-Based Facility Management Benchmarking}},
journal={{Private Communication}},
year = {1992}
}

@article{Pitt2008,	
author = {Pitt, Michael and Tucker, Matthew},
title = {{Performance Measurement in Facilities Management}},
journal={{Property Management}},
issn={0263-7472},
volume={26},
pages={241-254},
year = {2008}
}

@manual{RICS2007,
  author ={ {RICS Property Measurement Group}},
  title = {{Code of Measuring Practice}},
  publisher ={ {Royal Institution of Chartered Surveyors (RICS), RICS Book}},
  year = {2007}
  isbn = {978 1 84219 332 7}
}

@manual{ICS2005,
  author = {{ICS}},
  title = {{International Classification for Standards}},
  year = {2005}
  isbn = {92-67-10405-5}
}

@manual{BCIS2008,
  author ={ {Building Cost Information Service of RICS}},
  title ={ {Elemental Standard Form of Cost Analysis - Principles, Instructions, Elements and Definitions}},
  year = {2008}
  publisher={{BCIS}},
  edition={4},
  isbn={978 1 907196 29 4},
}

@misc{ARCHI,
  author ={ {ARCHIBUS Group}},
  title ={ {ARCHIBUS Fundamentals Training}},
  year = {2014}
}

@manual{PNMSOFT,
  author ={ {Sequence Kinetics iBPMS}},
  title ={ {Sequence Kinetics, from Workflow to Social, Mobile and Intelligent BPM}},
  year = {2011}
  journal={{Selection Criteria Details for Intelligent Business Process Management Suites}},
}

%@misc{lifx2012web,
%Author = {{LIFX}},
%Howpublished = {\url{http://lifx.co} (Last accessed on October, 2012)},
%Title = {LIFX: The light bulb re-invented.},
%Year = {2012}}

@misc{openId,
author ={ {OpenId Foundation}},
title ={ {OpenId homepage}},
Howpublished = {\url {http://www.openid.net} (Last accessed on May, 2014)}
}

@misc{GoogleAppEngine,
author ={ {Google Inc}},
title ={ {Google App Engine}},
Howpublished = {\url  {http://www.google.com/apps} (Last accessed on May, 2014)}
}

@misc{Django,
author ={ {Django}},
title ={ {Django Web Framework}},
Howpublished = {\url {http://www.djangoproject.com} (Last accessed on May, 2014)}
}

@misc{ec2,
author ={ {Amazon Web Services}},
title ={ {Amazon Web Services EC2 Homepage}},
Howpublished = {\url {http://aws.amazon.com/ec2/} (Last accessed on May, 2014)}
}

@manual{ILO,
  author ={ {Hewlett-Packard}},
  title ={ {Technical report, HP}},
  journal={{HP Integrated Lights-Out 2 User Guide}},
  year={2009},
}

@misc{maxpanda,
author ={ {Maxpanda Inc}},
title ={ {Maxpanda Homepage}},
Howpublished = {\url {http://www.maxpanda.net} (Last accessed on May, 2014)}
}

@misc{IBMtririga,
author ={ {IBM Inc}},
title ={ {IBM Tririga Homepage}},
Howpublished = {\url {http://www-03.ibm.com/software/products/en/ibmtrirfacimana/} (Last accessed on May, 2014)}
}

@misc{ARCHIBUSsite,
author ={ {Archibus Group}},
title ={ {Archibus Homepage}},
Howpublished = {\url {http://www.archibus.com} (Last accessed on May, 2014)}
}

@misc{FMsystems,
author ={ {FM:Systems Inc}},
title ={ {FM:Systems Homepage}},
Howpublished = {\url {http://www.fmsystems.com} (Last accessed on May, 2014)}
}

@misc{Heroku,
author = {{Heroku Inc}},
title = {{Heroku Homepage}},
Howpublished = {\url {https://www.heroku.com} (Last accessed on May, 2014)}
}

@misc{IFMA,
author = {{International Facility Management Association}},
title = {{IFMA Homepage}},
Howpublished = {\url {http://www.ifmaoc.org} (Last accessed on May, 2014)}
}

@misc{EN15221-7,
author = {{European Commitee for Standardization}},
title = {{EN 15221-7: Facility Management - Part 7: Guidelines for Performance Benchmarking}},
year={2012}

}

@misc{IndusSystems,
author = {{Indus Systems Inc}},
title = {{Indus Systems Homepage}},
Howpublished = {\url {http://www.indus-systems.com} (Last accessed on May, 2014)}
}
@misc{ManhattanAppMobile,
author = {{Manhattan Software Inc}},
title = {{Manhattan Mobile Apps Homepage}},
Howpublished = {\url {http://www.manhattansoftware.com/solutions/mobile-apps.html} (Last accessed on May, 2014)}
}
@misc{pnmSoftsite,
author = {{PNMSOFT Inc}},
title = {{PNMSOFT Homepage}},
Howpublished = {\url {http://www.pnmsoft.com} (Last accessed on May, 2014)}
}

@book{Camp1989,
author = {{Camp, Robert C}},
booktitle = {{American Society for Quality}},
isbn = {0873890582},
pages = {295},
title = {{Benchmarking: The Search for Industry Best Practices that Lead to Superior Performance}},
year = {1989}
}

@inproceedings{DeCandia2007,
author = {{DeCandia, Giuseppe and Hastorun, Deniz and Jampani, Madan and Kakulapati, Gunavardhan and Lakshman, Avinash and Pilchin, Alex and Sivasubramanian, Swaminathan and Vosshall, Peter and Vogels, Werner}},
booktitle = {{Proceedings of twenty-first ACM SIGOPS symposium on Operating systems principles}},
isbn = {9781595935915},
issn = {01635980},
pages = {205--220},
title = {{Dynamo: Amazon’s Highly Available Key-value Store}},
volume = {41},
year = {2007}
}

@misc{Ghemawat2003,
author = {{Ghemawat, Sanjay and Gobioff, Howard and Leung, Shun-Tak}},
booktitle = {{ACM SIGOPS Operating Systems Review}},
isbn = {1581137575},
issn = {01635980},
pages = {29},
title = {{The Google file system}},
volume = {37},
year = {2003} 
}

@article{Zhang2009,
author = {{Zhang, Liang-Jie and Zhou, Qun}},
isbn = {978-0-7695-3709-2},
journal = {{2009 IEEE International Conference on Web Services}},
title = {{CCOA: Cloud Computing Open Architecture}},
pages={607 - 616},
year = {2009}
}

@article{Lenk2009,
author = {{Lenk, A. and Klems, M. and Nimis, J. and Tai, S. and Sandholm, T.}},
isbn = {978-1-4244-3713-9},
issn = {978-1-4244-3713-9},
journal = {{2009 ICSE Workshop on Software Engineering Challenges of Cloud Computing}},
title = {{What's inside the Cloud? An architectural map of the Cloud landscape}},
pages = {23-31},
volume = {0},
year = {2009}
}

@article{Arash2007,
author = {{Shahin, Arash and Mahbod, M. Ali}},
issn = {1741-0401},
journal = {{International Journal of Productivity and Performance Management}},
title = {{Prioritization of key performance indicators: An integration of analytical hierarchy process and goal setting}},
pages = {226-240},
volume = {56},
year = {2004}
}

%10, 11, 12
@article{Fitz-Gibbon1990,
author = {{Fitz-Gibbon, Carol Taylor}},
isbn = {1853590924},
journal = {{Benmchmark}},
pages = {31},
title = {{Performance indicators}},
volume = {12}, 
year = {1990}
}

@article{Nurmi2009,
author = {{Nurmi, D. and Wolski, R. and Grzegorczyk, C. and Obertelli, G. and Soman, S. and Youseff, L. and Zagorodnov, D.}},
isbn = {978-1-4244-3935-5},
issn = {03010104},
journal = {{2009 9th IEEE/ACM International Symposium on Cluster Computing and the Grid}},
title = {{The Eucalyptus Open-Source Cloud-Computing System}},
year = {2009}
}

@misc{Hinks1999,
author = {{Hinks, John and McNay, Peter}},
booktitle = {{Facilities}},
isbn = {0263277991024},
issn = {0263-2772},
pages = {31--53},
title = {{The creation of a management-by-variance tool for facilities management performance assessment}},
volume = {17},
year = {1999}
}

@book{Atkin2009,
author = {{Atkin, B and Brooks, A}},
isbn = {9781405186599},
title = {{Total facilities management}},
year = {2009}
}

@article{Sotomayor2008,
author = {{Sotomayor, B and Montero, R S and Llorente, I M and Foster, I}},
pages = {1--5},
title = {{Capacity Leasing in Cloud Systems using the OpenNebula Engine}},
year = {2008}
}
@inproceedings{Roka-Madarasz2010,
author = {{R\'{o}ka-Madar\'{a}sz, L\'{\i}via}},
booktitle = {{8th International Conference on Management, Enterprise and Benchmarking}},
pages = {171--181},
title = {{Facility Management benchmarking}},
year = {2010}
}

@article{McGraw-Hill2013,
author = {{McGraw-Hill}},
isbn = {9780071353946},
issn = {9780071353946},
journal = {{International immunology}},
title = {{FACILITY DESIGN AND MANAGEMENT HANDBOOK}},
volume = {25},
year = {2013}
}

@article{Mckeown2008,
author = {{Mckeown, Nick and Anderson, Tom and Peterson, Larry and Rexford, Jennifer and Shenker, Scott and Louis, St}},
isbn = {9780983628309},
issn = {01464833},
journal = {{ACM SIGCOMM Computer Communication Review}},
pages = {69--74},
title = {{OpenFlow : Enabling Innovation in Campus Networks}},
volume = {38},
year = {2008}
}
@article{Chang2008,
author = {{Chang, Fay and Dean, Jeffrey and Ghemawat, Sanjay and Hsieh, Wilson C and Wallach, Deborah A and Burrows, Mike and Chandra, Tushar and Fikes, Andrew and Gruber, Robert E}},
isbn = {1931971471},
issn = {07342071},
journal = {{ACM Transactions on Computer Systems}},
pages = {1--26},
title = {{Bigtable : A Distributed Storage System for Structured Data}},
volume = {26},
year = {2008}
}

@inproceedings{Hibler2008,
author = {{Hibler, Mike and Ricci, Robert and Stoller, Leigh and Duerig, Jonathon and Guruprasad, Shashi and Stack, Tim and Webb, Kirk and Lepreau, Jay}},
booktitle = {{Proceedings of the 2008 USENIX Annual Technical Conference}},
pages = {113-128},
title = {{Large-scale Virtualization in the Emulab Network Testbed}},
year = {2008}
}

@article{Dean2008,
author = {{Dean, Jeffrey and Ghemawat, Sanjay}},
isbn = {9781595936868},
issn = {00010782},
journal = {{Communications of the ACM}},
pages = {1--13},
title = {{MapReduce : Simplified Data Processing on Large Clusters}},
volume = {51},
year = {2008}
}
